@book{mellinger2012,
  author = {Mellinger, Daniel Warren},
  year = {2012},
  title = {Trajectory Generation and Control for Quadrotors},
  publisher = {Publicly Accessible Penn Dissertations}
}